
@INPROCEEDINGS{Knaub2013,
	AUTHOR="James R. Knaub",
	title ="Projected Variance for the Model-Based Classical Ratio Estimator: Estimating Sample Size Requirements",
	booktitle = "Joint Statistical Meeting 2013",
	publisher = "American Statistical Association", 
	year = "2013"
}
@BOOK{Chambers2012,
AUTHOR={Chambers, Raymond and Clark, Robert},
TITLE={Introduction to Model Based Survey Sampling with Applications},
PUBLISHER={Oxford University Press},
YEAR = {2012}
}
@BOOK{Hoff2010,
AUTHOR={Hoff, Peter D.},
TITLE={A First Course In Bayesian Statistical Methods},
PUBLISHER={Springer},
YEAR = {2010}
}
@BOOK{Casella2002,
AUTHOR={Casella, George and Berger, Roger},
TITLE={Statistical Inference},
PUBLISHER={Duxbury},
YEAR={2002}
}
@BOOK{Maddala1977,
AUTHOR={Maddala, G.S.},
TITLE={Econometrics},
PUBLISHER={McGraw-Hill Inc.},
YEAR={1977}
}
@BOOK{Ross2006,
AUTHOR={Ross, Sheldon},
TITLE={A First Course In Probability},
PUBLISHER={Pearson Prentice Hall},
YEAR={2006}
}
@BOOK{Draper1981,
AUTHOR={Draper, N.R. and Smith, H.},
TITLE={Applied Regression Analysis},
PUBLISHER={John Wiley and Sons},
YEAR={1981}
}
@ARTICLE{Valko2010,
AUTHOR="Peter P. Valko and W. John Lee, Texas A&M University",
TITLE="A Better Way to Forecast Production From Unconventional Gas Wells",
JOURNAL="Society of Petroleum Engineers",
YEAR=2010
}
@ARTICLE{Xinglai2014,
AUTHOR="Xinglai Gong, Raul Gonzalez, Duane A. McVay, and Jeffrey D. Hart, Texas A&M University",
TITLE="Bayesian Probabilistic Decline-Curve Analysis Reliably Quantifies Uncertainty in Shale-Well-Production Forecasts",
JOURNAL="Society of Petroleum Engineers",
YEAR=2014
}
@ARTICLE{Duong2014,
AUTHOR="Anh Duong, ConocoPhillips",
TITLE="Rate-Decline Analysis For Fracture-Dominated Shale Reservoirs: Part2",
JOURNAL="Society of Petroleum Engineers",
YEAR=2014
}
@ARTICLE{Marhaendrajana2001,
AUTHOR="T. Marhaendrajana, Schlumberger, and T.A. Blasingame, Texas A&M University",
TITLE="Decline Curve Analysis Using Type Curves - Evaluation  of Well Performance Behavior in a Multiwell Reservoir System",
JOURNAL="Society of Petroleum Engineers",
YEAR=2001
}
@ARTICLE{Fetkovich1980,
AUTHOR="M.J. Fetkovich, Phillips Petroleum",
TITLE="Decline Curve Analysis Using Type Curves",
JOURNAL="Society of Petroleum Engineers",
YEAR=1980
}
@ARTICLE{Knaub1996,
AUTHOR="M.J. Fetkovich, Phillips Petroleum",
TITLE="Decline Curve Analysis Using Type Curves",
JOURNAL="Society of Petroleum Engineers",
YEAR=1980
}
